<record><leader>00000cas a2200000 i 4500</leader><controlfield tag="001">889886293</controlfield><controlfield tag="006">m     o  d        </controlfield><controlfield tag="007">cr |||||||||||</controlfield><controlfield tag="008">140903d18461852ohuwr neo     0   a0eng  </controlfield><datafield ind1=" " ind2=" " tag="010"><subfield code="a">  2014218480</subfield></datafield><datafield ind1=" " ind2=" " tag="040"><subfield code="a">DLC</subfield><subfield code="b">eng</subfield><subfield code="e">rda</subfield><subfield code="c">DLC</subfield><subfield code="d">OCLCF</subfield><subfield code="d">DLC</subfield></datafield><datafield ind1=" " ind2=" " tag="012"><subfield code="l">a</subfield></datafield><datafield ind1="0" ind2=" " tag="022"><subfield code="a">2374-6033</subfield><subfield code="2">1</subfield></datafield><datafield ind1="1" ind2=" " tag="029"><subfield code="a">NZ1</subfield><subfield code="b">16176396</subfield></datafield><datafield ind1=" " ind2=" " tag="042"><subfield code="a">pcc</subfield><subfield code="a">nsdp</subfield></datafield><datafield ind1=" " ind2=" " tag="043"><subfield code="a">n-us-oh</subfield></datafield><datafield ind1="1" ind2="0" tag="050"><subfield code="a">ISSN RECORD</subfield></datafield><datafield ind1="0" ind2="0" tag="082"><subfield code="a">071</subfield><subfield code="2">23</subfield></datafield><datafield ind1="0" ind2=" " tag="130"><subfield code="a">Lancaster gazette (Lancaster, Ohio : 1846 : Online)</subfield></datafield><datafield ind1=" " ind2="4" tag="222"><subfield code="a">The Lancaster gazette</subfield><subfield code="b">(Lancaster, Ohio. 1846. Online)</subfield></datafield><datafield ind1="1" ind2="4" tag="245"><subfield code="a">The Lancaster gazette.</subfield></datafield><datafield ind1=" " ind2="1" tag="264"><subfield code="a">Lancaster, Ohio :</subfield><subfield code="b">John H. Wright</subfield></datafield><datafield ind1=" " ind2=" " tag="310"><subfield code="a">Weekly</subfield></datafield><datafield ind1=" " ind2=" " tag="336"><subfield code="a">text</subfield><subfield code="b">txt</subfield><subfield code="2">rdacontent</subfield></datafield><datafield ind1=" " ind2=" " tag="337"><subfield code="a">computer</subfield><subfield code="b">c</subfield><subfield code="2">rdamedia</subfield></datafield><datafield ind1=" " ind2=" " tag="338"><subfield code="a">online resource</subfield><subfield code="b">cr</subfield><subfield code="2">rdacarrier</subfield></datafield><datafield ind1="0" ind2=" " tag="362"><subfield code="a">Began June 26, 1846; ceased April 29, 1852.</subfield></datafield><datafield ind1=" " ind2=" " tag="588"><subfield code="a">Descriptiion based on: New series, vol. 2, no. 8, whole no. 1136 (July 2, 1847); title from masthead (Chroniclingamerica.loc.gov, viewed September 3, 2014).</subfield></datafield><datafield ind1=" " ind2=" " tag="588"><subfield code="a">Latest issue consulted: New series, vol. 6, no. 51, whole no. 1387 (April 22, 1852) (Chroniclingamerica.loc.gov, viewed September 3, 2014).</subfield></datafield><datafield ind1=" " ind2="0" tag="651"><subfield code="a">Lancaster (Ohio)</subfield><subfield code="v">Newspapers.</subfield></datafield><datafield ind1=" " ind2="7" tag="651"><subfield code="a">Ohio</subfield><subfield code="z">Lancaster.</subfield><subfield code="2">fast</subfield><subfield code="0">(OCoLC)fst01231794</subfield></datafield><datafield ind1=" " ind2="7" tag="655"><subfield code="a">Newspapers.</subfield><subfield code="2">fast</subfield><subfield code="0">(OCoLC)fst01423814</subfield></datafield><datafield ind1=" " ind2=" " tag="752"><subfield code="a">United States</subfield><subfield code="b">Ohio</subfield><subfield code="c">Fairfield</subfield><subfield code="d">Lancaster.</subfield></datafield><datafield ind1="0" ind2="8" tag="776"><subfield code="i">Originally issued in print:</subfield><subfield code="t">Lancaster gazette (Lancaster, Ohio : 1846)</subfield><subfield code="x">2374-6025</subfield><subfield code="w">(DLC)sn 87070038</subfield><subfield code="w">(OCoLC)15803086</subfield></datafield><datafield ind1="0" ind2="0" tag="780"><subfield code="t">Lancaster gazette and express (Lancaster, Ohio : 1844 : Online)</subfield></datafield><datafield ind1="0" ind2="0" tag="785"><subfield code="t">Weekly Lancaster gazette (Lancaster, Ohio : 1852 : Online)</subfield></datafield><datafield ind1="4" ind2="0" tag="856"><subfield code="u">http://www.loc.gov/chroniclingamerica/lccn/sn87070038/issues</subfield></datafield></record>